@misc{darban2022deep,
      title={Deep Learning for Time Series Anomaly Detection: A Survey}, 
      author={Zahra Zamanzadeh Darban and Geoffrey I. Webb and Shirui Pan and Charu C. Aggarwal and Mahsa Salehi},
      year={2022},
      eprint={2211.05244},
      archivePrefix={arXiv},
      primaryClass={cs.LG}
}

@misc{bai2018empirical,
      title={An Empirical Evaluation of Generic Convolutional and Recurrent Networks for Sequence Modeling}, 
      author={Shaojie Bai and J. Zico Kolter and Vladlen Koltun},
      year={2018},
      eprint={1803.01271},
      archivePrefix={arXiv},
      primaryClass={cs.LG}
}

@misc{zeng2022transformers,
      title={Are Transformers Effective for Time Series Forecasting?}, 
      author={Ailing Zeng and Muxi Chen and Lei Zhang and Qiang Xu},
      year={2022},
      eprint={2205.13504},
      archivePrefix={arXiv},
      primaryClass={cs.AI}
}

@misc{wu2022autoformer,
      title={Autoformer: Decomposition Transformers with Auto-Correlation for Long-Term Series Forecasting}, 
      author={Haixu Wu and Jiehui Xu and Jianmin Wang and Mingsheng Long},
      year={2022},
      eprint={2106.13008},
      archivePrefix={arXiv},
      primaryClass={cs.LG}
}

@misc{wu2023timesnet,
      title={TimesNet: Temporal 2D-Variation Modeling for General Time Series Analysis}, 
      author={Haixu Wu and Tengge Hu and Yong Liu and Hang Zhou and Jianmin Wang and Mingsheng Long},
      year={2023},
      eprint={2210.02186},
      archivePrefix={arXiv},
      primaryClass={cs.LG}
}

@misc{kravchik2019efficient,
      title={Efficient Cyber Attacks Detection in Industrial Control Systems Using Lightweight Neural Networks and PCA}, 
      author={Moshe Kravchik and Asaf Shabtai},
      year={2019},
      eprint={1907.01216},
      archivePrefix={arXiv},
      primaryClass={cs.CR}
}

@misc{nie2023time,
      title={A Time Series is Worth 64 Words: Long-term Forecasting with Transformers}, 
      author={Yuqi Nie and Nam H. Nguyen and Phanwadee Sinthong and Jayant Kalagnanam},
      year={2023},
      eprint={2211.14730},
      archivePrefix={arXiv},
      primaryClass={cs.LG}
}

@misc{shalyga2018anomaly,
      title={Anomaly Detection for Water Treatment System based on Neural Network with Automatic Architecture Optimization}, 
      author={Dmitry Shalyga and Pavel Filonov and Andrey Lavrentyev},
      year={2018},
      eprint={1807.07282},
      archivePrefix={arXiv},
      primaryClass={cs.LG}
}

@inproceedings{Goh2016ADT,
  title={A Dataset to Support Research in the Design of Secure Water Treatment Systems},
  author={Jonathan Goh and Sridhar Adepu and Khurum Nazir Junejo and Aditya P. Mathur},
  booktitle={Critical Information Infrastructures Security},
  year={2016},
  url={https://api.semanticscholar.org/CorpusID:3075307}
}

@misc{staudemeyer2019understanding,
      title={Understanding LSTM -- a tutorial into Long Short-Term Memory Recurrent Neural Networks}, 
      author={Ralf C. Staudemeyer and Eric Rothstein Morris},
      year={2019},
      eprint={1909.09586},
      archivePrefix={arXiv},
      primaryClass={cs.NE}
}

@misc{dey2017gatevariants,
      title={Gate-Variants of Gated Recurrent Unit (GRU) Neural Networks}, 
      author={Rahul Dey and Fathi M. Salem},
      year={2017},
      eprint={1701.05923},
      archivePrefix={arXiv},
      primaryClass={cs.NE}
}